<?xml version="1.0" encoding="UTF-8"?><collection xmlns="http://www.loc.gov/MARC21/slim"><record><leader>00533nam--2200181-i-4500</leader><controlfield tag="001">000000997</controlfield><controlfield tag="002">20161230</controlfield><controlfield tag="005">20161230201024</controlfield><controlfield tag="008">060222s1000------------r-----000-0-eng-d</controlfield><datafield ind1=" " ind2=" " tag="040"><subfield code="a">IFIN-HH</subfield></datafield><datafield ind1=" " ind2=" " tag="080"><subfield code="a">539.124.172</subfield></datafield><datafield ind1="1" ind2=" " tag="100"><subfield code="a">Pendry, J.B</subfield></datafield><datafield ind1="1" ind2="0" tag="245"><subfield code="a">Low energy electron diffraction. the thoery and its application to determination of surface structure</subfield><subfield code="c">J.b. pendry</subfield></datafield><datafield ind1=" " ind2=" " tag="260"><subfield code="a">London</subfield><subfield code="b">Academic Press</subfield><subfield code="c">1974</subfield></datafield><datafield ind1=" " ind2=" " tag="300"><subfield code="a">VIII+407P</subfield></datafield><datafield ind1=" " ind2=" " tag="490"><subfield code="a">Techniques Of Physics</subfield></datafield><datafield ind1=" " ind2=" " tag="852"><subfield code="a">39258</subfield><subfield code="c">53</subfield></datafield><datafield ind1=" " ind2=" " tag="CAT"><subfield code="a">Sys</subfield><subfield code="c">20150316</subfield><subfield code="h">152250</subfield></datafield></record></collection>